@book{Computational+Topology,
author = {Edelsbrunner, Herbert and Harer, John},
year = {2010},
month = {01},
pages = {},
title = {Computational Topology: An Introduction},
isbn = {978-0-8218-4925-5},
doi = {10.1007/978-3-540-33259-6_7}
}

@book{Polyhedral+and+Algebraic+Methods,
Title = {Polyhedral and algebraic methods in computational geometry},
Author = {Joswig, Michael and Theobald, Thorsten},
Pages = {x+250},
Year = {2013},
Isbn = {978-1-4471-4816-6; 978-1-4471-4817-3},
Doi = {10.1007/978-1-4471-4817-3},
Address = {London},
Note = {Revised and updated translation of the 2008 German original},
Publisher = {Springer},
Series = {Universitext},
Url = {http://dx.doi.org/10.1007/978-1-4471-4817-3}
}

@book{Edelsbrunner:1987:ACG:28905,
 author = {Edelsbrunner, Herbert},
 title = {Algorithms in Combinatorial Geometry},
 year = {1987},
 isbn = {0-387-13722-X},
 publisher = {Springer-Verlag New York, Inc.},
 address = {New York, NY, USA},
} 

@misc{ wiki:Relative_interior,
 author = "Wikipedia",
 title = "{Relative interior} --- {W}ikipedia{,} The Free Encyclopedia",
 year = "2016",
 howpublished = {\url{http://en.wikipedia.org/w/index.php?title=Relative%20interior&oldid=618207576}},
 note = "[Online; accessed 30-November-2016]"
}
