@book{Polyhedral+and+Algebraic+Methods,
    Title = {Polyhedral and algebraic methods in computational geometry},
    Author = {Joswig, Michael and Theobald, Thorsten},
    Pages = {x+250},
    Year = {2013},
    Isbn = {978-1-4471-4816-6; 978-1-4471-4817-3},
    Doi = {10.1007/978-1-4471-4817-3},
    Address = {London},
    Note = {Revised and updated translation of the 2008 German original},
    Publisher = {Springer},
    Series = {Universitext},
    url = {http://dx.doi.org/10.1007/978-1-4471-4817-3}
}

@article{bauer2019ripser,
    title={Ripser: efficient computation of {V}ietoris-{R}ips persistence barcodes},
    author={Ulrich Bauer},
    year={2019},
    eprint={arXiv 1908.02518},
    archivePrefix={arXiv},
    primaryClass={math.AT},
}


@article{Morse+Users+Guide,
    author = {Forman, Robin},
    year = {2001},
    month = {Dec},
    pages = {},
    title = {A User's Guide To Discrete {M}orse Theory},
    volume = {48},
    journal = {Sém. Lothar. Combin.}
}

@book{Computational+Topology,
author = {Edelsbrunner, Herbert and Harer, John},
year = {2010},
month = {Jan},
pages = {},
title = {Computational Topology: An Introduction},
isbn = {978-0-8218-4925-5},
doi = {10.1007/978-3-540-33259-6_7}
}

@book {hatcher,
    AUTHOR = {Hatcher, Allen},
     TITLE = {Algebraic topology},
 PUBLISHER = {Cambridge University Press, Cambridge},
      YEAR = {2002},
     PAGES = {xii+544},
      ISBN = {0-521-79160-X; 0-521-79540-0},
}

@article {pershom,
    AUTHOR = {Zomorodian, Afra and Carlsson, Gunnar},
     TITLE = {Computing persistent homology},
  JOURNAL = {Discrete \& Computational Geometry},
 PUBLISHER = {Springer},
    VOLUME = {33},
      YEAR = {2005},
    NUMBER = {2},
     PAGES = {249--274},
      ISSN = {0179-5376},
     CODEN = {DCGEER},
   MRCLASS = {55N99 (55-04 55U10)},
  MRNUMBER = {2121296},
MRREVIEWER = {Donald M. Davis},
       DOI = {10.1007/s00454-004-1146-y},
       URL = {http://dx.doi.org/10.1007/s00454-004-1146-y},
}

@book {algebra,
    AUTHOR = {Jacobson, Nathan},
     TITLE = {Basic algebra. {I}},
   EDITION = {Second},
 PUBLISHER = {W. H. Freeman and Company, New York},
      YEAR = {1985},
     PAGES = {xviii+499},
      ISBN = {0-7167-1480-9},
   MRCLASS = {00A05 (12-01)},
  MRNUMBER = {780184},
}

@book {elementary_topology,
    AUTHOR = {R.Ghrist},
     TITLE = {Elementary Applied Topology},
   EDITION = {1.0},
 PUBLISHER = {Createspace},
      YEAR = {2014},
     PAGES = {xviii+499},
      ISBN = {978-1502880857}
}

@article{persistence_and_simplification,
author = {Edelsbrunner, Herbert and Letscher, David and Zomorodian},
year = {2002},
month = {Jan},
pages = {511-533},
title = {Topological Persistence and Simplification},
volume = {28},
journal = {Discrete and Computational Geometry},
doi = {10.1007/s00454-002-2885-2}
}

@article{morozov,
    author = {Dmitriy Morozov},
    title = {Persistence algorithm takes cubic time in worst case},
    journal = {BioGeometry News, Dept. Comput. Sci., Duke Univ},
    year = {2005}
}

@INPROCEEDINGS{with_a_twist,
    author = {Chao Chen and Michael Kerber},
    title = {Persistent homology computation with a twist},
    booktitle = {Proceedings 27th European Workshop on Computational Geometry},
    year = {2011}
}

@misc{gudhi_alpha,
  author = {GUDHI},
  title = {Alpha complex user manual},
  year = {2020},
  url = {https://gudhi.inria.fr/python/latest/alpha_complex_user.html}
}

@misc{github,
  author = {Ivan Spirandelli},
  title = {GitHub for Master Thesis: {C}omputational {T}opology and {R}andom {S}implicial {C}omplexes},
  year = {2020},
  url = {https://github.com/IvanSpirandelli/Masterarbeit}
}

@misc{bauer2013clear,
    title={Clear and Compress: Computing Persistent Homology in Chunks},
    author={Ulrich Bauer and Michael Kerber and Jan Reininghaus},
    year={2013},
    eprint={1303.0477},
    archivePrefix={arXiv},
    primaryClass={math.AT}
}

@article{CHARI2000101,
title = "On discrete {M}orse functions and combinatorial decompositions",
journal = "Discrete Mathematics",
volume = "217",
number = "1",
pages = "101 - 113",
year = "2000",
issn = "0012-365X",
doi = "https://doi.org/10.1016/S0012-365X(99)00258-7",
url = {http://www.sciencedirect.com/science/article/pii/S0012365X99002587},
author = "Manoj K. Chari"
}


@article{joswig2004computing,
   title={Computing Optimal {M}orse Matchings},
   volume={20},
   ISSN={1095-7146},
   url={http://dx.doi.org/10.1137/S0895480104445885},
   DOI={10.1137/s0895480104445885},
   number={1},
   journal={SIAM Journal on Discrete Mathematics},
   publisher={Society for Industrial & Applied Mathematics (SIAM)},
   author={Joswig, Michael and Pfetsch, Marc E.},
   year={2006},
   month={Jan},
   pages={11–25}
}

@article{whitehead,
author = {Whitehead, J. H. C.},
title = {Simplicial Spaces, Nuclei and $m$-Groups},
journal = {Proceedings of the London Mathematical Society},
volume = {s2-45},
number = {1},
pages = {243-327},
doi = {10.1112/plms/s2-45.1.243},
year = {1939}
}

@book{cohenhom,
    title={A Course in Simple-Homotopy Theory},
    author={Marshall M. Cohen},
    issn={0072-5285},
    year={1973},
    publisher={Springer-Verlag, New York},
    doi = {10.1007/978-1-4684-9372-6},
    isbn={978-1-4684-9372-6}
}

@article{ZEEMAN1963341,
title = "On the dunce hat",
journal = "Topology",
volume = "2",
number = "4",
pages = "341 - 358",
year = "1963",
issn = "0040-9383",
doi = "https://doi.org/10.1016/0040-9383(63)90014-4",
url = {http://www.sciencedirect.com/science/article/pii/0040938363900144},
author = "E.C. Zeeman"
}

@book{MunkresElements,
    author = {James R. Munkres},
    year = {1984},
    pages = {468},
    publisher = {Boca Raton},
    title = {Elements Of Algebraic Topology},
    isbn = {978-0-8218-4925-5},
    doi = {10.1201/9780429493911 }
}

@article{lutzbenedetti,
   title={Random Discrete {M}orse Theory and a New Library of Triangulations},
   volume={23},
   ISSN={1944-950X},
   url={http://dx.doi.org/10.1080/10586458.2013.865281},
   DOI={10.1080/10586458.2013.865281},
   number={1},
   journal={Experimental Mathematics},
   publisher={Informa UK Limited},
   author={Benedetti, Bruno and Lutz, Frank H.},
   year={2014},
   month={Jan},
   pages={66–94}
}

@article{LinialMeshulam,
author = {Linial, Nathan and Meshulam, Roy},
year = {2003},
month = {06},
title = {Homological Connectivity Of Random 2-Complexes},
volume = {26},
journal = {Combinatorica},
doi = {10.1007/s00493-006-0027-9}
}

@article{Meshulam_Wallach_2009,
   title={Homological connectivity of random $k$-dimensional complexes},
   volume={34},
   ISSN={1098-2418},
   url={http://dx.doi.org/10.1002/rsa.20238},
   DOI={10.1002/rsa.20238},
   number={3},
   journal={Random Structures and Algorithms},
   publisher={Wiley},
   author={Meshulam, R. and Wallach, N.},
   year={2009},
   month={May},
   pages={408–417}
}

@misc{kahle2016random,
    title={Random simplicial complexes},
    author={Matthew Kahle},
    year={2016},
    eprint={arXiv 1607.07069},
    archivePrefix={arXiv},
    primaryClass={math.CO}
}

@article{MorseTheoryForFiltrations,
author = {Mischaikow, Konstantin and Nanda, Vidit},
year = {2013},
month = {09},
pages = {},
title = {Morse Theory for Filtrations and Efficient Computation of Persistent Homology},
volume = {50},
journal = {Discrete and Computational Geometry},
doi = {10.1007/s00454-013-9529-6}
}